<record><leader>00000cas a22000007a 4500</leader><controlfield tag="001">21769196</controlfield><controlfield tag="008">900611d18891916moudr ne      0    0eng d</controlfield><datafield ind1=" " ind2=" " tag="010"><subfield code="a">sn 90061886 </subfield></datafield><datafield ind1=" " ind2=" " tag="040"><subfield code="a">MQN</subfield><subfield code="b">eng</subfield><subfield code="c">MQN</subfield><subfield code="d">OCLCQ</subfield></datafield><datafield ind1=" " ind2=" " tag="042"><subfield code="a">msc</subfield></datafield><datafield ind1="0" ind2="4" tag="245"><subfield code="a">The Warrensburg daily star.</subfield></datafield><datafield ind1=" " ind2=" " tag="260"><subfield code="a">Warrensburg, Mo. :</subfield><subfield code="b">Middleton &amp; Shepard</subfield></datafield><datafield ind1=" " ind2=" " tag="300"><subfield code="a">v.</subfield></datafield><datafield ind1=" " ind2=" " tag="310"><subfield code="a">Daily</subfield></datafield><datafield ind1="1" ind2=" " tag="362"><subfield code="a">Began in 1889? Ceased in 1916?</subfield></datafield><datafield ind1=" " ind2=" " tag="588"><subfield code="a">Description based on: Vol. 8, no. 223 (Feb. 24, 1897).</subfield></datafield><datafield ind1=" " ind2=" " tag="752"><subfield code="a">United States</subfield><subfield code="b">Missouri</subfield><subfield code="c">Johnson</subfield><subfield code="d">Warrensburg.</subfield></datafield><datafield ind1="0" ind2=" " tag="775"><subfield code="t">Johnson County star</subfield><subfield code="w">(DLC)sn 90061885</subfield></datafield><datafield ind1="0" ind2="0" tag="785"><subfield code="t">Daily star-journal (Warrensburg, Mo.)</subfield><subfield code="w">(DLC)sn 90061888</subfield></datafield></record>